<record><leader>00000cas a22000007a 4500</leader><controlfield tag="001">16919174</controlfield><controlfield tag="008">871030d18371854pauwr ne      0    0eng d</controlfield><datafield ind1=" " ind2=" " tag="010"><subfield code="a">sn 87068489 </subfield></datafield><datafield ind1=" " ind2=" " tag="040"><subfield code="a">NPH</subfield><subfield code="b">eng</subfield><subfield code="c">NPH</subfield><subfield code="d">NPA</subfield><subfield code="d">OCLCQ</subfield><subfield code="d">IUA</subfield><subfield code="d">OCLCO</subfield><subfield code="d">OCLCF</subfield></datafield><datafield ind1=" " ind2=" " tag="042"><subfield code="a">msc</subfield></datafield><datafield ind1="0" ind2=" " tag="130"><subfield code="a">Norristown herald and free press (Norristown, Pa. : 1837)</subfield></datafield><datafield ind1="1" ind2="0" tag="245"><subfield code="a">Norristown herald and free press.</subfield></datafield><datafield ind1=" " ind2=" " tag="260"><subfield code="a">Norristown, Pa. :</subfield><subfield code="b">Robert Iredell,</subfield><subfield code="c">1837-1854.</subfield></datafield><datafield ind1=" " ind2=" " tag="300"><subfield code="a">17 v. :</subfield><subfield code="b">ill.</subfield></datafield><datafield ind1=" " ind2=" " tag="310"><subfield code="a">Weekly</subfield></datafield><datafield ind1="0" ind2=" " tag="362"><subfield code="a">Vol. 1, no. (Feb. 1, 1837)- ; -v. 55, whole no. 2816 (July 5, 1854).</subfield></datafield><datafield ind1=" " ind2=" " tag="515"><subfield code="a">Issue for &lt;July 5, 1854&gt; called &lt;new ser., v. 18, no. 26&gt;.</subfield></datafield><datafield ind1=" " ind2="0" tag="651"><subfield code="a">Norristown (Pa.)</subfield><subfield code="v">Newspapers.</subfield></datafield><datafield ind1=" " ind2="7" tag="655"><subfield code="a">Newspapers.</subfield><subfield code="2">fast</subfield><subfield code="0">(OCoLC)fst01423814</subfield></datafield><datafield ind1=" " ind2="7" tag="651"><subfield code="a">Pennsylvania</subfield><subfield code="z">Norristown.</subfield><subfield code="2">fast</subfield><subfield code="0">(OCoLC)fst01203039</subfield></datafield><datafield ind1=" " ind2=" " tag="752"><subfield code="a">United States</subfield><subfield code="b">Pennsylvania</subfield><subfield code="c">Montgomery</subfield><subfield code="d">Norristown.</subfield></datafield><datafield ind1="0" ind2="0" tag="780"><subfield code="t">Norristown free press</subfield><subfield code="w">(DLC)sn 85036104</subfield><subfield code="w">(OCoLC)13878317</subfield></datafield><datafield ind1="0" ind2="0" tag="785"><subfield code="t">Herald and free press (Norristown, Pa. : 1854)</subfield><subfield code="w">(OCoLC)16919101</subfield></datafield></record>